@manual{javascriptPrototype,
	title = {{Javascript Prototype}},
	note = {\url{https://github.com/electronic-pendulum/javascript-prototype}},
}

@article{pendulumSeries,
  title={A simple formula for the large-angle pendulum period},
  author={Kidd, Richard B and Fogg, Stuart L},
  journal={The Physics Teacher},
  volume={40},
  number={2},
  pages={81--83},
  year={2002},
  publisher={AAPT}
}

@article{Holt20045,
	title ={Forecasting seasonals and trends by exponentially weighted moving averages},
	journal ={International Journal of Forecasting},
	volume = {20},
	number = {1},
	pages = {5 - 10},
	year = {2004},
	note = {},
	issn = {0169-2070},
	author = {Holt, Charles C.},
	keywords = {Exponential smoothing},
	keywords = {Forecasting},
	keywords = {Local seasonals},
	keywords = {Local trends}
}
